@article{kurp2008green,
  title={Green computing},
  author={Kurp, Patrick},
  journal={Communications of the ACM},
  volume={51},
  number={10},
  pages={11--13},
  year={2008},
  publisher={ACM},
  doi={10.1145/1400181.1400186}
}

@inproceedings{garg2011green,
  title={Green Cloud Framework For Improving Carbon Efficiency of Clouds},
  author={Garg, Saurabh Kumar and Yeo, Chee Shin and Buyya, Rajkumar},
  booktitle={Proceedings of the 9th International Conference on Grid and Cooperative Computing},
  pages={491--502},
  year={2011},
  organization={Springer},
  doi={10.1007/978-3-642-23400-2_45}
}

@article{pang2016what,
  title={What Do Programmers Know About Software Energy Consumption?},
  author={Pang, Candy and Hindle, Abram and Adams, Bram and Hassan, Ahmed E},
  journal={IEEE Software},
  volume={33},
  number={3},
  pages={83--89},
  year={2016},
  publisher={IEEE},
  doi={10.1109/MS.2016.39}
}
